@Comment{Какая-то литература, для заполнения удобно использовать программу JabRef}

@Book{Book::Mihailovich,
  author    = {Львовский Сергей Михайлович},
  date      = {2003-09-10},
  title     = {Набор и верстка в системе LATEX},
  isbn      = {ISBN 5-94057-091-7},
  pagetotal = {448},
  publisher = {Москва : МЦНМО, 2003 (ГУП ИПК Ульян. Дом печати)},
}

 
@InProceedings{Yang2011,
  author    = {Yang, Bo and Huang, Chang and Nevatia, Ram},
  booktitle = {CVPR 2011},
  date      = {2011-06},
  title     = {Learning affinities and dependencies for multi-target tracking using a CRF model},
  doi       = {10.1109/cvpr.2011.5995587},
  publisher = {IEEE},
}

@Comment{jabref-meta: databaseType:biblatex;}
