@Online{datasheet::ESP32,
  title   = {Документация на микроконтроллер ESP32-D0WD-V3 . [Электронный ресурс]},
  url     = {chrome-extension://efaidnbmnnnibpcajpcglclefindmkaj/https://www.espressif.com/sites/default/files/documentation/esp32_datasheet_en.pdf},
  urldate = {2024-06-05},
}

@Online{datasheet::Optocoupler,
  title   = {SFH610A-4, Оптопара транзисторная [DIP-4]. [Электронный ресурс]},
  url     = {chrome-extension://efaidnbmnnnibpcajpcglclefindmkaj/https://static.chipdip.ru/lib/315/DOC011315354.pdf},
  urldate = {2024-06-06},
}

@Online{datasheet::CrystalClock,
  title   = {Кварцевый резонатор ECS-400-10-37B2-CKY-TR. [Электронный ресурс]},
  url     = {chrome-extension://efaidnbmnnnibpcajpcglclefindmkaj/https://ecsxtal.com/store/pdf/ECX-1637B2.pdf},
  urldate = {2024-06-07},
}

@Online{datasheet::BME280,
  title   = {Датчик температуры BME280. [Электронный ресурс]},
  url     = {chrome-extension://efaidnbmnnnibpcajpcglclefindmkaj/https://www.mouser.com/datasheet/2/783/BST-BME280-DS002-1509607.pdf},
  urldate = {2024-06-05},
}

@Online{datasheet::Fan,
  title   = {Вентилятор SUNON EEC0381B1-А99. [Электронный ресурс]},
  url     = {chrome-extension://efaidnbmnnnibpcajpcglclefindmkaj/https://sunon.ru/modules_cwrk/import/files_output/files/items/eec0381b1-g99.pdf},
  urldate = {2024-06-05},
}

@Online{datasheet::Display,
  title   = {1.5inch OLED Display Module, 128×128 Resolution. [Электронный ресурс]},
  url     = {https://www.waveshare.com/product/displays/oled/oled-3/1.5inch-oled-module-b.htm},
  urldate = {2024-06-06},
}

@Online{datasheet::Potentiometr,
  title   = {Потенциометр PVT09. [Электронный ресурс]},
  url     = {chrome-extension://efaidnbmnnnibpcajpcglclefindmkaj/https://static.chipdip.ru/lib/102/DOC032102797.pdf},
  urldate = {2024-06-05},
}

@Online{datasheet::DcDc,
  title   = {DC-DC Преобразователь N78 series. [Электронный ресурс]},
  url     = {chrome-extension://efaidnbmnnnibpcajpcglclefindmkaj/https://static.chipdip.ru/lib/409/DOC016409533.pdf},
  urldate = {2024-06-07},
}

@REFERENCE{doc::Gost23751,
heading = {ГОСТ 23751-86},
title = {Платы печатные. Основные параметры конструкции},
media = {text},
specdata = {Введ. 01.04.1989},
location = {М.},
publisher = {Стандартинформ},
pagetotal = {16},
series = {Национальный стандарт Российской Федерации},
langid = {russian},
}

@REFERENCE{doc::Gost53429,
heading = {ГОСТ P 53429-2009},
title = {Платы печатные. Основные параметры конструкции},
media = {text},
specdata = {Введ. 27.11.2009},
location = {М.},
publisher = {Стандартинформ},
series = {Национальный стандарт Российской Федерации},
langid = {russian},
}

@Comment{jabref-meta: databaseType:biblatex;}
